@PREAMBLE{
 "\providecommand{\noopsort}[1]{}" 
 # "\providecommand{\singleletter}[1]{#1}%" 
}

@MISC{OECD,
	author	= "OECD",
	year	= "2017",
	title	= "{Health at a Glance 2017: OECD Indicators}",
	howpublished = "OECD Publishing, Paris. \url{http://dx.doi.org/10.1787/health_glance-2017-en}", 
}

@MISC{litfl,
	author	= "litfl.com",
	title	= "{ECG Clinical Interpretation: A-Z by diagnosis}",
	howpublished = "\url{https://litfl.com/ecg-library/diagnosis/}", 
}

@MISC{Staerk,
	author	= "Laila Staerk, Jason A. Sherer, Darae Ko, Emelia J. Benjamin and Robert H. Helm",
	year	= "2017",
	title	= "{Atrial Fibrillation	Epidemiology, Pathophysiology, and Clinical Outcomes}",
	howpublished = "{Circulation Research. 2017;120:1501–1517} \url{https://doi.org/10.1161/CIRCRESAHA.117.309732}", 
}

@MISC{Sznajder,
	author	= "Michał Sznajder",
	year	= "2017",
	title	= "{Python Online and Offline ECG QRS Detector based on the Pan-Tomkins algorithm}",
	url		= {https://github.com/c-labpl/qrs_detector}
	howpublished	= "github repository \url{https://github.com/c-labpl/qrs_detector}"
}

@MISC{Slavic,
	author	= "Janko Slavic",
	year	= "2015",
	title	= "{py-tools, findpeaks}",
	howpublished	= "github repository \url{https://github.com/jankoslavic/py-tools/tree/master/findpeaks}"
}

@MISC{Dhairya,
	author	= "Dhairya Kumar",
	year	= "2018",
	title	= "{Introduction to Data Preprocessing in Machine Learning}",
	howpublished	= "\url{https://towardsdatascience.com/introduction-to-data-preprocessing-in-machine- learning-a9fa83a5dc9d}"
}

@article{Husser,
	author = {Daniela Husser, David S. Cannom, Anil K. Bhandari, Martin Stridh, Leif Sörnmo,  S. Bertil Olsson,  Andreas Bollmann},
	title = {Electrocardiographic characteristics of fibrillatory waves in new-onset atrial fibrillation},
	journaltitle = {EP Europace, Volume 9, Issue 8},
	date = {August 2007},
	OPTdoi = {https://doi.org/10.1093/europace/eum074},
	OPTurl = {https://academic.oup.com/europace/article/9/8/638/426268#},
	OPTurldate = {30 April 2007},
}

@MISC{Kumar,
	author	= "Kapil Kumar",
	year	= "2018",
	title	= "{Overview of atrial fibrillation}",
	url		= {https://www.uptodate.com/contents/image?imageKey=CARD%2F73958&topicKey=CARD%2F1014&search=房颤&source=see_link}
}

@misc{Yu,
	author = {Xiaolin Yu},
	ALTeditor = {editor},
	title = {LAFB diagnosis based on vectors},
	date = {July 21st, 2017},
	howpublished = "\url{https://mp.weixin.qq.com/s/adSfDJOB2ZGxvZggkVFKHQ}"
}


@misc{UptoDate,
	author	= "Unspecific",
	howpublished = "\url{https://www.uptodate.com}"
}

@misc{tsinghua,
	author	= "Unknown",
	howpublished = "\url{http://mdi.ids.tsinghua.edu.cn/}"
}